@article{mhptd,
    title = {A Method for Tracking Hockey Players by Exploiting Multiple Detections and Omni-Scale Appearance Features},
    author = {Yingnan Zhao, Zihui Li, Kua Chen},
    journal = {Project Report},
    year = {2020}
}

@misc{yolo_train_docs,
  title = {Train - Ultralytics YOLO Docs},
  howpublished = {\url{https://docs.ultralytics.com/modes/train/}},
  note = {Accessed: 2010-12-08}
}

@misc{bytetrack,
      title={ByteTrack: Multi-Object Tracking by Associating Every Detection Box},
      author={Yifu Zhang and Peize Sun and Yi Jiang and Dongdong Yu and Fucheng Weng and Zehuan Yuan and Ping Luo and Wenyu Liu and Xinggang Wang},
      year={2022},
      eprint={2110.06864},
      archivePrefix={arXiv},
      primaryClass={cs.CV},
      url={https://arxiv.org/abs/2110.06864},
}

@misc{yolo,
      title={You Only Look Once: Unified, Real-Time Object Detection},
      author={Joseph Redmon and Santosh Divvala and Ross Girshick and Ali Farhadi},
      year={2016},
      eprint={1506.02640},
      archivePrefix={arXiv},
      primaryClass={cs.CV},
      url={https://arxiv.org/abs/1506.02640},
}